<record><leader>00000cas a22000007a 4500</leader><controlfield tag="001">16994021</controlfield><controlfield tag="008">871117d18571861ohuwr ne      0    0eng d</controlfield><datafield ind1=" " ind2=" " tag="010"><subfield code="a">sn 87076861 </subfield></datafield><datafield ind1=" " ind2=" " tag="040"><subfield code="a">ONP</subfield><subfield code="b">eng</subfield><subfield code="c">ONP</subfield><subfield code="d">OCLCQ</subfield></datafield><datafield ind1=" " ind2=" " tag="042"><subfield code="a">msc</subfield></datafield><datafield ind1="0" ind2=" " tag="130"><subfield code="a">Democratic union (Upper Sandusky, Ohio : 1857)</subfield></datafield><datafield ind1="1" ind2="0" tag="245"><subfield code="a">Democratic union.</subfield></datafield><datafield ind1=" " ind2=" " tag="260"><subfield code="a">Upper Sandusky, Wyandot County, Ohio :</subfield><subfield code="b">Jones &amp; Wheaton,</subfield><subfield code="c">1857-1861.</subfield></datafield><datafield ind1=" " ind2=" " tag="310"><subfield code="a">Weekly</subfield></datafield><datafield ind1="0" ind2=" " tag="362"><subfield code="a">Vol. 1, no. 1 (Aug. 20, 1857)-v. 4, no. 26 (Feb. 14, 1861).</subfield></datafield><datafield ind1=" " ind2=" " tag="752"><subfield code="a">United States</subfield><subfield code="b">Ohio</subfield><subfield code="c">Wyandot</subfield><subfield code="d">Upper Sandusky.</subfield></datafield><datafield ind1="0" ind2="0" tag="785"><subfield code="t">Wyandot Democratic union (Upper Sandusky, Ohio : 1861)</subfield><subfield code="w">(DLC)sn 89075020</subfield></datafield></record>